<?xml version="1.0" encoding="UTF-8"?><collection xmlns="http://www.loc.gov/MARC21/slim"><record><leader>00522nam--2200181-i-4500</leader><controlfield tag="001">000015657</controlfield><controlfield tag="002">20161230</controlfield><controlfield tag="005">20170106165943</controlfield><controlfield tag="008">060222s1000------------r-----000-0-rus-d</controlfield><datafield ind1=" " ind2=" " tag="040"><subfield code="a">IFIN-HH</subfield></datafield><datafield ind1=" " ind2=" " tag="041"><subfield code="a">rus</subfield></datafield><datafield ind1=" " ind2=" " tag="080"><subfield code="a">539.172.17</subfield></datafield><datafield ind1="1" ind2=" " tag="100"><subfield code="a">Eremenko, Yu. A</subfield></datafield><datafield ind1="1" ind2="0" tag="245"><subfield code="a">Izucenie lidiruyusih neitralnih pionov (vzaimodeistve kosmiceskih ceastit s vesesrvom pri energiah vise z tzv</subfield><subfield code="c">Yu.A. Eremenko</subfield></datafield><datafield ind1=" " ind2=" " tag="260"><subfield code="a">Alma-Ata</subfield><subfield code="b">Nauka</subfield><subfield code="c">1988</subfield></datafield><datafield ind1=" " ind2=" " tag="300"><subfield code="a">207 p</subfield></datafield><datafield ind1=" " ind2=" " tag="852"><subfield code="a">74463</subfield><subfield code="c">539.17</subfield></datafield><datafield ind1=" " ind2=" " tag="CAT"><subfield code="a">SYS</subfield><subfield code="c">20170106</subfield><subfield code="h">165943</subfield></datafield></record></collection>